<record><leader>00000cas a22000007a 4500</leader><controlfield tag="001">13070216</controlfield><controlfield tag="008">860127c18859999iauwr ne      0    0eng d</controlfield><datafield ind1=" " ind2=" " tag="010"><subfield code="a">sn 86060007 </subfield></datafield><datafield ind1=" " ind2=" " tag="040"><subfield code="a">INP</subfield><subfield code="b">eng</subfield><subfield code="c">INP</subfield><subfield code="d">OCLCQ</subfield></datafield><datafield ind1=" " ind2=" " tag="042"><subfield code="a">msc</subfield></datafield><datafield ind1="0" ind2="4" tag="245"><subfield code="a">The Griswold American.</subfield></datafield><datafield ind1="1" ind2="3" tag="246"><subfield code="a">Advocate</subfield><subfield code="f">&lt;Mar. 4, 1885&gt;</subfield></datafield><datafield ind1="1" ind2="3" tag="246"><subfield code="a">American</subfield><subfield code="f">&lt;Mar. 4, 1885-Oct. 16, 1901&gt;</subfield></datafield><datafield ind1=" " ind2=" " tag="260"><subfield code="a">Griswold, Iowa :</subfield><subfield code="b">D.H. Scott</subfield></datafield><datafield ind1=" " ind2=" " tag="300"><subfield code="a">v. :</subfield><subfield code="b">ill.</subfield></datafield><datafield ind1=" " ind2=" " tag="310"><subfield code="a">Weekly</subfield></datafield><datafield ind1="1" ind2=" " tag="362"><subfield code="a">Began in Feb. or Mar. 1885.</subfield></datafield><datafield ind1=" " ind2=" " tag="500"><subfield code="a">Includes section called: Lewis department of Griswold American, Feb. 1, 1933-Aug. 30, 1939.</subfield></datafield><datafield ind1=" " ind2=" " tag="500"><subfield code="a">Publisher varies.</subfield></datafield><datafield ind1=" " ind2=" " tag="515"><subfield code="a">Occasional errors in numbering.</subfield></datafield><datafield ind1=" " ind2=" " tag="525"><subfield code="a">Includes occasional supplements.</subfield></datafield><datafield ind1=" " ind2=" " tag="588"><subfield code="a">Description based on: Vol. 6, no. 4 (Mar. 4, 1885).</subfield></datafield><datafield ind1=" " ind2=" " tag="752"><subfield code="a">United States</subfield><subfield code="b">Iowa</subfield><subfield code="c">Cass</subfield><subfield code="d">Griswold.</subfield></datafield><datafield ind1=" " ind2=" " tag="752"><subfield code="a">United States</subfield><subfield code="b">Iowa</subfield><subfield code="c">Cass</subfield><subfield code="d">Lewis.</subfield></datafield><datafield ind1="0" ind2="0" tag="780"><subfield code="t">Griswold advocate</subfield><subfield code="w">(DLC)sn 86060003</subfield></datafield><datafield ind1="0" ind2="5" tag="780"><subfield code="t">Griswold gleaner</subfield><subfield code="w">(DLC)sn 86060008</subfield><subfield code="g">Oct. 5, 1905</subfield></datafield><datafield ind1="0" ind2="5" tag="780"><subfield code="t">Griswold Republican</subfield><subfield code="g">Oct. 16, 1901</subfield></datafield><datafield ind1="0" ind2="5" tag="780"><subfield code="t">Griswold herald</subfield></datafield><datafield ind1="0" ind2="5" tag="780"><subfield code="t">Lewis weekly standard</subfield><subfield code="w">(DLC)sn 86060012</subfield><subfield code="g">Feb. 1, 1933</subfield></datafield><datafield ind1="1" ind2=" " tag="787"><subfield code="t">Lewis department of Griswold American</subfield></datafield></record>